<?xml version="1.0" encoding="UTF-8"?><collection xmlns="http://www.loc.gov/MARC21/slim"><record><leader>00394nam--2200145-i-4500</leader><controlfield tag="001">000050216</controlfield><controlfield tag="002">20161230</controlfield><controlfield tag="005">20170302225736</controlfield><controlfield tag="008">060222s1000------------r-----000-0-eng-d</controlfield><datafield ind1=" " ind2=" " tag="110"><subfield code="a">Problema Vyvedeniia Iz Organizma Dolgoshivushchih Radioaktivnyh Izotopov</subfield></datafield><datafield ind1=" " ind2=" " tag="245"><subfield code="a">Moskva</subfield><subfield code="b">Gosatomizdat,</subfield><subfield code="c">1962</subfield></datafield><datafield ind1=" " ind2=" " tag="300"><subfield code="a">166 s</subfield></datafield><datafield ind1=" " ind2=" " tag="700"><subfield code="a">Balabuha, V. S</subfield></datafield><datafield ind1=" " ind2=" " tag="852"><subfield code="a">8325</subfield></datafield><datafield ind1=" " ind2=" " tag="CAT"><subfield code="a">SYS</subfield><subfield code="c">20170302</subfield><subfield code="h">225736</subfield></datafield></record></collection>